<collection xmlns="http://www.loc.gov/MARC21/slim">
<record>
  <leader>01135nam0a22002171i 450 </leader>
  <controlfield tag="001">IT\ICCU\CNCE\043070</controlfield>
  <controlfield tag="005">19981228000000.0</controlfield>
  <datafield tag="012" ind1=" " ind2=" ">
    <subfield code="a">x-i. i.a. ure- dere (3) 1563 (R)</subfield>
    <subfield code="2">fei</subfield>
  </datafield>
  <datafield tag="100" ind1=" " ind2=" ">
    <subfield code="a">19981223d1563        0itac0103    ba</subfield>
  </datafield>
  <datafield tag="101" ind1=" " ind2=" ">
    <subfield code="a">LAT</subfield>
  </datafield>
  <datafield tag="102" ind1=" " ind2=" ">
    <subfield code="a">IT</subfield>
  </datafield>
  <datafield tag="200" ind1="1" ind2=" ">
    <subfield code="a">Regularum vtriusque iuris cum ampliationibus ac limitationibus. D. Ioanne Bernardo Diaz de Luco ... authore. Nunc a mendis pluribus, quibus antea scatebant, purgatae. Quibus de nouo accessit index regularum, ...</subfield>
  </datafield>
  <datafield tag="210" ind1=" " ind2=" ">
    <subfield code="a">Venetiis</subfield>
    <subfield code="c">ad candentis Salamandrae insigne</subfield>
    <subfield code="d">1563</subfield>
  </datafield>
  <datafield tag="215" ind1=" " ind2=" ">
    <subfield code="a"></subfield>
  </datafield>
  <datafield tag="300" ind1=" " ind2=" ">
    <subfield code="a"></subfield>
  </datafield>
  <datafield tag="700" ind1=" " ind2="1">
    <subfield code="a">Diaz de Lugo,</subfield>
    <subfield code="b">Juan Bernardo</subfield>
    <subfield code="3">IT\ICCU\CNCA\004808</subfield>
  </datafield>
  <datafield tag="790" ind1=" " ind2="1">
    <subfield code="a">Diaz de Luco,</subfield>
    <subfield code="b">Juan Bernardo</subfield>
    <subfield code="3">IT\ICCU\CNCA\004809</subfield>
    <subfield code="z">Diaz de Lugo, Juan Bernardo</subfield>
  </datafield>
  <datafield tag="790" ind1=" " ind2="1">
    <subfield code="a">Diaz de Lugo,</subfield>
    <subfield code="b">Juan Bernal</subfield>
    <subfield code="3">IT\ICCU\CNCA\004810</subfield>
    <subfield code="z">Diaz de Lugo, Juan Bernardo</subfield>
  </datafield>
  <datafield tag="790" ind1=" " ind2="1">
    <subfield code="a">Diaz de Lugo,</subfield>
    <subfield code="b">Bernardo</subfield>
    <subfield code="3">IT\ICCU\CNCA\019573</subfield>
    <subfield code="z">Diaz de Lugo, Juan Bernardo</subfield>
  </datafield>
  <datafield tag="801" ind1=" " ind2="3">
    <subfield code="a">IT</subfield>
    <subfield code="b">ICCU</subfield>
    <subfield code="c">20201114</subfield>
  </datafield>
  <datafield tag="899" ind1=" " ind2=" ">
    <subfield code="a">Biblioteca nazionale centrale. Roma</subfield>
    <subfield code="1">RM0267</subfield>
    <subfield code="2">BVE CR</subfield>
  </datafield>
</record>
</collection>
